@article{Pinol:2018euk,
      author         = "Pinol, Lucas and Renaux-Petel, Sébastien and Tada,
                        Yuichiro",
      title          = "{A critical look at stochastic inflation}",
      year           = "2018",
      eprint         = "1806.10126",
      archivePrefix  = "arXiv",
      primaryClass   = "gr-qc",
      SLACcitation   = "%%CITATION = ARXIV:1806.10126;%%"
}

@unpublished{2nd,
	author = "Pinol, Lucas and Renaux-Petel, S\'ebastien and Tada, Yuichiro",
	title = "{2nd paper}",
	note = "in preparation",
}

@unpublished{4th,
	author = "Fujita, Tomohiro and Renaux-Petel, S\'ebastien and Tada, Yuichiro and Tokuda, Junsei",
	title = "{4th paper}",
	note = "in preparation",
}

@article{Vennin:2015hra,
      author         = "Vennin, Vincent and Starobinsky, Alexei A.",
      title          = "{Correlation Functions in Stochastic Inflation}",
      journal        = "Eur. Phys. J.",
      volume         = "C75",
      year           = "2015",
      pages          = "413",
      doi            = "10.1140/epjc/s10052-015-3643-y",
      eprint         = "1506.04732",
      archivePrefix  = "arXiv",
      primaryClass   = "hep-th",
      SLACcitation   = "%%CITATION = ARXIV:1506.04732;%%"
}

@article{Assadullahi:2016gkk,
      author         = "Assadullahi, Hooshyar and Firouzjahi, Hassan and
                        Noorbala, Mahdiyar and Vennin, Vincent and Wands, David",
      title          = "{Multiple Fields in Stochastic Inflation}",
      journal        = "JCAP",
      volume         = "1606",
      year           = "2016",
      number         = "06",
      pages          = "043",
      doi            = "10.1088/1475-7516/2016/06/043",
      eprint         = "1604.04502",
      archivePrefix  = "arXiv",
      primaryClass   = "hep-th",
      SLACcitation   = "%%CITATION = ARXIV:1604.04502;%%"
}

@article{Starobinsky:1980te,
      author         = "Starobinsky, Alexei A.",
      title          = "{A New Type of Isotropic Cosmological Models Without
                        Singularity}",
      journal        = "Phys. Lett.",
      volume         = "B91",
      year           = "1980",
      pages          = "99-102",
      doi            = "10.1016/0370-2693(80)90670-X",
      SLACcitation   = "%%CITATION = PHLTA,B91,99;%%"
}

@article{Sato:1980yn,
      author         = "Sato, K.",
      title          = "{First Order Phase Transition of a Vacuum and Expansion
                        of the Universe}",
      journal        = "Mon. Not. Roy. Astron. Soc.",
      volume         = "195",
      year           = "1981",
      pages          = "467-479",
      reportNumber   = "NORDITA-80-29",
      SLACcitation   = "%%CITATION = MNRAA,195,467;%%"
}

@article{Guth:1980zm,
      author         = "Guth, Alan H.",
      title          = "{The Inflationary Universe: A Possible Solution to the
                        Horizon and Flatness Problems}",
      journal        = "Phys. Rev.",
      volume         = "D23",
      year           = "1981",
      pages          = "347-356",
      doi            = "10.1103/PhysRevD.23.347",
      reportNumber   = "SLAC-PUB-2576",
      SLACcitation   = "%%CITATION = PHRVA,D23,347;%%"
}

@article{Linde:1981mu,
      author         = "Linde, Andrei D.",
      title          = "{A New Inflationary Universe Scenario: A Possible
                        Solution of the Horizon, Flatness, Homogeneity, Isotropy
                        and Primordial Monopole Problems}",
      booktitle      = "{Second Seminar on Quantum Gravity Moscow, USSR, October
                        13-15, 1981}",
      journal        = "Phys. Lett.",
      volume         = "B108",
      year           = "1982",
      pages          = "389-393",
      doi            = "10.1016/0370-2693(82)91219-9",
      reportNumber   = "LEBEDEV-81-229",
      SLACcitation   = "%%CITATION = PHLTA,B108,389;%%"
}

@article{Albrecht:1982wi,
      author         = "Albrecht, Andreas and Steinhardt, Paul J.",
      title          = "{Cosmology for Grand Unified Theories with Radiatively
                        Induced Symmetry Breaking}",
      journal        = "Phys. Rev. Lett.",
      volume         = "48",
      year           = "1982",
      pages          = "1220-1223",
      doi            = "10.1103/PhysRevLett.48.1220",
      reportNumber   = "UPR-0185T",
      SLACcitation   = "%%CITATION = PRLTA,48,1220;%%"
}

@article{Linde:1983gd,
      author         = "Linde, Andrei D.",
      title          = "{Chaotic Inflation}",
      journal        = "Phys. Lett.",
      volume         = "B129",
      year           = "1983",
      pages          = "177-181",
      doi            = "10.1016/0370-2693(83)90837-7",
      SLACcitation   = "%%CITATION = PHLTA,B129,177;%%"
}

@article{Ade:2013sjv,
      author         = "Ade, P. A. R. and others",
      title          = "{Planck 2013 results. I. Overview of products and
                        scientific results}",
      collaboration  = "Planck",
      journal        = "Astron. Astrophys.",
      volume         = "571",
      year           = "2014",
      pages          = "A1",
      doi            = "10.1051/0004-6361/201321529",
      eprint         = "1303.5062",
      archivePrefix  = "arXiv",
      primaryClass   = "astro-ph.CO",
      reportNumber   = "CERN-PH-TH-2013-115",
      SLACcitation   = "%%CITATION = ARXIV:1303.5062;%%"
}

@article{Adam:2015rua,
      author         = "Adam, R. and others",
      title          = "{Planck 2015 results. I. Overview of products and
                        scientific results}",
      collaboration  = "Planck",
      journal        = "Astron. Astrophys.",
      volume         = "594",
      year           = "2016",
      pages          = "A1",
      doi            = "10.1051/0004-6361/201527101",
      eprint         = "1502.01582",
      archivePrefix  = "arXiv",
      primaryClass   = "astro-ph.CO",
      SLACcitation   = "%%CITATION = ARXIV:1502.01582;%%"
}

@article{Abbott:2016blz,
      author         = "Abbott, B. P. and others",
      title          = "{Observation of Gravitational Waves from a Binary Black
                        Hole Merger}",
      collaboration  = "Virgo, LIGO Scientific",
      journal        = "Phys. Rev. Lett.",
      volume         = "116",
      year           = "2016",
      number         = "6",
      pages          = "061102",
      doi            = "10.1103/PhysRevLett.116.061102",
      eprint         = "1602.03837",
      archivePrefix  = "arXiv",
      primaryClass   = "gr-qc",
      reportNumber   = "LIGO-P150914",
      SLACcitation   = "%%CITATION = ARXIV:1602.03837;%%"
}

@article{Abbott:2016nmj,
      author         = "Abbott, B. P. and others",
      title          = "{GW151226: Observation of Gravitational Waves from a
                        22-Solar-Mass Binary Black Hole Coalescence}",
      collaboration  = "Virgo, LIGO Scientific",
      journal        = "Phys. Rev. Lett.",
      volume         = "116",
      year           = "2016",
      number         = "24",
      pages          = "241103",
      doi            = "10.1103/PhysRevLett.116.241103",
      eprint         = "1606.04855",
      archivePrefix  = "arXiv",
      primaryClass   = "gr-qc",
      reportNumber   = "LIGO-P151226",
      SLACcitation   = "%%CITATION = ARXIV:1606.04855;%%"
}

@article{Abbott:2017vtc,
      author         = "Abbott, Benjamin P. and others",
      title          = "{GW170104: Observation of a 50-Solar-Mass Binary Black
                        Hole Coalescence at Redshift 0.2}",
      collaboration  = "VIRGO, LIGO Scientific",
      journal        = "Phys. Rev. Lett.",
      volume         = "118",
      year           = "2017",
      number         = "22",
      pages          = "221101",
      doi            = "10.1103/PhysRevLett.118.221101",
      eprint         = "1706.01812",
      archivePrefix  = "arXiv",
      primaryClass   = "gr-qc",
      reportNumber   = "LIGO-P170104",
      SLACcitation   = "%%CITATION = ARXIV:1706.01812;%%"
}

@article{Sasaki:2018dmp,
      author         = "Sasaki, Misao and Suyama, Teruaki and Tanaka, Takahiro
                        and Yokoyama, Shuichiro",
      title          = "{Primordial black holes—perspectives in gravitational
                        wave astronomy}",
      journal        = "Class. Quant. Grav.",
      volume         = "35",
      year           = "2018",
      number         = "6",
      pages          = "063001",
      doi            = "10.1088/1361-6382/aaa7b4",
      eprint         = "1801.05235",
      archivePrefix  = "arXiv",
      primaryClass   = "astro-ph.CO",
      SLACcitation   = "%%CITATION = ARXIV:1801.05235;%%"
}

@article{Espinosa:2017sgp,
      author         = "Espinosa, J. R. and Racco, D. and Riotto, A.",
      title          = "{Cosmological Signature of the Standard Model Higgs
                        Vacuum Instability: Primordial Black Holes as Dark
                        Matter}",
      journal        = "Phys. Rev. Lett.",
      volume         = "120",
      year           = "2018",
      number         = "12",
      pages          = "121301",
      doi            = "10.1103/PhysRevLett.120.121301",
      eprint         = "1710.11196",
      archivePrefix  = "arXiv",
      primaryClass   = "hep-ph",
      SLACcitation   = "%%CITATION = ARXIV:1710.11196;%%"
}

@article{Ezquiaga:2018gbw,
      author         = "Ezquiaga, Jose María and García-Bellido, Juan",
      title          = "{Quantum diffusion beyond slow-roll: implications for
                        primordial black-hole production}",
      year           = "2018",
      eprint         = "1805.06731",
      archivePrefix  = "arXiv",
      primaryClass   = "astro-ph.CO",
      reportNumber   = "IFT-UAM/CSIC-18-051, IFT-UAM-CSIC-18-051,
                        CERN-TH-2018-120",
      SLACcitation   = "%%CITATION = ARXIV:1805.06731;%%"
}

@article{Starobinsky:1986fx,
      author         = "Starobinsky, Alexei A.",
      title          = "{STOCHASTIC DE SITTER (INFLATIONARY) STAGE IN THE EARLY
                        UNIVERSE}",
      booktitle      = "{In *De Vega, H.j. ( Ed.), Sanchez, N. ( Ed.): Field
                        Theory, Quantum Gravity and Strings*, 107-126. Proceedings
                        of a Seminar Series Held at DAPHE, Observatoire de Meudon,
                        and LPTHE, Université Pierre et Marie Curie, Paris,
                        Between October 1984 and October 1985.}",
      journal        = "Lect. Notes Phys.",
      volume         = "246",
      year           = "1986",
      pages          = "107-126",
      doi            = "10.1007/3-540-16452-9_6",
      SLACcitation   = "%%CITATION = LNPHA,246,107;%%"
}

@article{Nambu:1987ef,
      author         = "Nambu, Yasusada and Sasaki, Misao",
      title          = "{Stochastic Stage of an Inflationary Universe Model}",
      journal        = "Phys. Lett.",
      volume         = "B205",
      year           = "1988",
      pages          = "441-446",
      doi            = "10.1016/0370-2693(88)90974-4",
      reportNumber   = "RRK-87-31",
      SLACcitation   = "%%CITATION = PHLTA,B205,441;%%"
}

@article{Nambu:1988je,
      author         = "Nambu, Yasusada and Sasaki, Misao",
      title          = "{Stochastic Approach to Chaotic Inflation and the
                        Distribution of Universes}",
      journal        = "Phys. Lett.",
      volume         = "B219",
      year           = "1989",
      pages          = "240-246",
      doi            = "10.1016/0370-2693(89)90385-7",
      reportNumber   = "RRK-88-35",
      SLACcitation   = "%%CITATION = PHLTA,B219,240;%%"
}

@article{Kandrup:1988sc,
      author         = "Kandrup, Henry E.",
      title          = "{STOCHASTIC INFLATION AS A TIME DEPENDENT RANDOM WALK}",
      journal        = "Phys. Rev.",
      volume         = "D39",
      year           = "1989",
      pages          = "2245",
      doi            = "10.1103/PhysRevD.39.2245",
      reportNumber   = "Print-89-0049 (FLORIDA)",
      SLACcitation   = "%%CITATION = PHRVA,D39,2245;%%"
}

@article{Nakao:1988yi,
      author         = "Nakao, Ken-ichi and Nambu, Yasusada and Sasaki, Misao",
      title          = "{Stochastic Dynamics of New Inflation}",
      journal        = "Prog. Theor. Phys.",
      volume         = "80",
      year           = "1988",
      pages          = "1041",
      doi            = "10.1143/PTP.80.1041",
      reportNumber   = "RRK-88-19",
      SLACcitation   = "%%CITATION = PTPKA,80,1041;%%"
}

@article{Nambu:1989uf,
      author         = "Nambu, Yasusada",
      title          = "{Stochastic Dynamics of an Inflationary Model and Initial
                        Distribution of Universes}",
      journal        = "Prog. Theor. Phys.",
      volume         = "81",
      year           = "1989",
      pages          = "1037",
      doi            = "10.1143/PTP.81.1037",
      reportNumber   = "RRK-89-3",
      SLACcitation   = "%%CITATION = PTPKA,81,1037;%%"
}

@article{Morikawa:1989xz,
      author         = "Morikawa, Masahiro",
      title          = "{Dissipation and Fluctuation of Quantum Fields in
                        Expanding Universes}",
      journal        = "Phys. Rev.",
      volume         = "D42",
      year           = "1990",
      pages          = "1027-1034",
      doi            = "10.1103/PhysRevD.42.1027",
      reportNumber   = "Print-89-0564 (BRITISH COLUMBIA)",
      SLACcitation   = "%%CITATION = PHRVA,D42,1027;%%"
}

@article{Mollerach:1990zf,
      author         = "Mollerach, Silvia and Matarrese, Sabino and Ortolan,
                        Antonello and Lucchin, Francesco",
      title          = "{Stochastic inflation in a simple two field model}",
      journal        = "Phys. Rev.",
      volume         = "D44",
      year           = "1991",
      pages          = "1670-1679",
      doi            = "10.1103/PhysRevD.44.1670",
      reportNumber   = "DFPD-90-A-28",
      SLACcitation   = "%%CITATION = PHRVA,D44,1670;%%"
}

@article{Linde:1993xx,
      author         = "Linde, Andrei D. and Linde, Dmitri A. and Mezhlumian,
                        Arthur",
      title          = "{From the Big Bang theory to the theory of a stationary
                        universe}",
      journal        = "Phys. Rev.",
      volume         = "D49",
      year           = "1994",
      pages          = "1783-1826",
      doi            = "10.1103/PhysRevD.49.1783",
      eprint         = "gr-qc/9306035",
      archivePrefix  = "arXiv",
      primaryClass   = "gr-qc",
      reportNumber   = "SU-ITP-93-13",
      SLACcitation   = "%%CITATION = GR-QC/9306035;%%"
}

@article{Starobinsky:1994bd,
      author         = "Starobinsky, Alexei A. and Yokoyama, Junichi",
      title          = "{Equilibrium state of a selfinteracting scalar field in
                        the De Sitter background}",
      journal        = "Phys. Rev.",
      volume         = "D50",
      year           = "1994",
      pages          = "6357-6368",
      doi            = "10.1103/PhysRevD.50.6357",
      eprint         = "astro-ph/9407016",
      archivePrefix  = "arXiv",
      primaryClass   = "astro-ph",
      reportNumber   = "YITP-U-94-12",
      SLACcitation   = "%%CITATION = ASTRO-PH/9407016;%%"
}

@article{Salopek:1990re,
      author         = "Salopek, D. S. and Bond, J. R.",
      title          = "{Stochastic inflation and nonlinear gravity}",
      journal        = "Phys. Rev.",
      volume         = "D43",
      year           = "1991",
      pages          = "1005-1031",
      doi            = "10.1103/PhysRevD.43.1005",
      reportNumber   = "FERMILAB-PUB-90-167-A",
      SLACcitation   = "%%CITATION = PHRVA,D43,1005;%%"
}

@article{Vilenkin:1999kd,
      author         = "Vilenkin, Alexander",
      title          = "{On the factor ordering problem in stochastic inflation}",
      journal        = "Phys. Rev.",
      volume         = "D59",
      year           = "1999",
      pages          = "123506",
      doi            = "10.1103/PhysRevD.59.123506",
      eprint         = "gr-qc/9902007",
      archivePrefix  = "arXiv",
      primaryClass   = "gr-qc",
      SLACcitation   = "%%CITATION = GR-QC/9902007;%%"
}

@article{Tolley:2008na,
      author         = "Tolley, Andrew J. and Wyman, Mark",
      title          = "{Stochastic Inflation Revisited: Non-Slow Roll Statistics
                        and DBI Inflation}",
      journal        = "JCAP",
      volume         = "0804",
      year           = "2008",
      pages          = "028",
      doi            = "10.1088/1475-7516/2008/04/028",
      eprint         = "0801.1854",
      archivePrefix  = "arXiv",
      primaryClass   = "hep-th",
      reportNumber   = "PI-COSMO-58",
      SLACcitation   = "%%CITATION = ARXIV:0801.1854;%%"
}

@article{Fujita:2014tja,
      author         = "Fujita, Tomohiro and Kawasaki, Masahiro and Tada,
                        Yuichiro",
      title          = "{Non-perturbative approach for curvature perturbations in
                        stochastic $\delta N$ formalism}",
      journal        = "JCAP",
      volume         = "1410",
      year           = "2014",
      number         = "10",
      pages          = "030",
      doi            = "10.1088/1475-7516/2014/10/030",
      eprint         = "1405.2187",
      archivePrefix  = "arXiv",
      primaryClass   = "astro-ph.CO",
      reportNumber   = "ICRR-REPORT-680-2014-6, IPMU-14-0113",
      SLACcitation   = "%%CITATION = ARXIV:1405.2187;%%"
}

@article{Tokuda:2017fdh,
      author         = "Tokuda, Junsei and Tanaka, Takahiro",
      title          = "{Statistical nature of infrared dynamics on de Sitter
                        background}",
      year           = "2017",
      eprint         = "1708.01734",
      archivePrefix  = "arXiv",
      primaryClass   = "gr-qc",
      SLACcitation   = "%%CITATION = ARXIV:1708.01734;%%"
}

@inproceedings{Mezhlumian:1991hw,
      author         = "Mezhlumian, A. and Starobinsky, Alexei A.",
      title          = "{Stochastic inflation: New results}",
      booktitle      = "{The First International A.D. Sakharov Conference on
                        Physics Moscow, USSR, May 27-31, 1991}",
      year           = "1991",
      eprint         = "astro-ph/9406045",
      archivePrefix  = "arXiv",
      primaryClass   = "astro-ph",
      reportNumber   = "LANDAU-91-TMP-1-REV",
      SLACcitation   = "%%CITATION = ASTRO-PH/9406045;%%"
}

@article{Fujita:2013cna,
      author         = "Fujita, Tomohiro and Kawasaki, Masahiro and Tada,
                        Yuichiro and Takesako, Tomohiro",
      title          = "{A new algorithm for calculating the curvature
                        perturbations in stochastic inflation}",
      journal        = "JCAP",
      volume         = "1312",
      year           = "2013",
      pages          = "036",
      doi            = "10.1088/1475-7516/2013/12/036",
      eprint         = "1308.4754",
      archivePrefix  = "arXiv",
      primaryClass   = "astro-ph.CO",
      reportNumber   = "IPMU-13-0154, ICRR-REPORT-658-2013-7",
      SLACcitation   = "%%CITATION = ARXIV:1308.4754;%%"
}

@article{Starobinsky:1986fxa,
      author         = "Starobinsky, Alexei A.",
      title          = "{Multicomponent de Sitter (Inflationary) Stages and the
                        Generation of Perturbations}",
      journal        = "JETP Lett.",
      volume         = "42",
      year           = "1985",
      pages          = "152-155",
      note           = "[Pisma Zh. Eksp. Teor. Fiz.42,124(1985)]",
      SLACcitation   = "%%CITATION = JTPLA,42,152;%%"
}

@article{Salopek:1990jq,
      author         = "Salopek, D. S. and Bond, J. R.",
      title          = "{Nonlinear evolution of long wavelength metric
                        fluctuations in inflationary models}",
      journal        = "Phys. Rev.",
      volume         = "D42",
      year           = "1990",
      pages          = "3936-3962",
      doi            = "10.1103/PhysRevD.42.3936",
      reportNumber   = "FERMILAB-PUB-90-131-A",
      SLACcitation   = "%%CITATION = PHRVA,D42,3936;%%"
}

@article{Sasaki:1995aw,
      author         = "Sasaki, Misao and Stewart, Ewan D.",
      title          = "{A General analytic formula for the spectral index of the
                        density perturbations produced during inflation}",
      journal        = "Prog. Theor. Phys.",
      volume         = "95",
      year           = "1996",
      pages          = "71-78",
      doi            = "10.1143/PTP.95.71",
      eprint         = "astro-ph/9507001",
      archivePrefix  = "arXiv",
      primaryClass   = "astro-ph",
      reportNumber   = "LANCS-TH-9504, OU-TAP-22",
      SLACcitation   = "%%CITATION = ASTRO-PH/9507001;%%"
}

@article{Sasaki:1998ug,
      author         = "Sasaki, Misao and Tanaka, Takahiro",
      title          = "{Superhorizon scale dynamics of multiscalar inflation}",
      journal        = "Prog. Theor. Phys.",
      volume         = "99",
      year           = "1998",
      pages          = "763-782",
      doi            = "10.1143/PTP.99.763",
      eprint         = "gr-qc/9801017",
      archivePrefix  = "arXiv",
      primaryClass   = "gr-qc",
      reportNumber   = "OU-TAP-72",
      SLACcitation   = "%%CITATION = GR-QC/9801017;%%"
}

@article{Lyth:2004gb,
      author         = "Lyth, David H. and Malik, Karim A. and Sasaki, Misao",
      title          = "{A General proof of the conservation of the curvature
                        perturbation}",
      journal        = "JCAP",
      volume         = "0505",
      year           = "2005",
      pages          = "004",
      doi            = "10.1088/1475-7516/2005/05/004",
      eprint         = "astro-ph/0411220",
      archivePrefix  = "arXiv",
      primaryClass   = "astro-ph",
      reportNumber   = "YITP-04-67",
      SLACcitation   = "%%CITATION = ASTRO-PH/0411220;%%"
}






